3346 5588
182 653 257 708 onn
276 655 383 707 xxrv.
479 654 515 719 o.
535 653 694 707 nonnum
710 653 846 707 rmccr
866 653 1050 707 cramus.
1197 632 1270 706 353

316 1027 409 1104 Pars
425 1026 572 1104 inclusa
588 1026 776 1103 caloribus

366 1171 511 1265 Mundi,
530 1196 599 1247 nee
615 1171 746 1245 Boreae
763 1169 963 1245 finitimum
981 1167 1093 1260 latus,

316 1323 545 1422 Durataeque
562 1320 644 1398 solo
661 1321 767 1398 nives

366 1471 614 1548 Mercatorem
631 1471 819 1571 abigrmt?
844 1471 995 1547 horrida
1012 1471 1137 1548 callidi

317 1623 487 1699 Vincunt
502 1647 653 1721 aequora
670 1619 834 1696 navita?

366 1774 544 1850 Mneuuu
559 1772 757 1873 pauperies
774 1772 1016 1872 opprobrium
1029 1771 1141 1872 jubet

319 1921 479 2015 Quidvis
495 1934 534 1998 et
549 1921 673 1998 faeere
690 1931 729 1997 et
744 1922 833 2021 pati,

368 2072 607 2173 Virtutisque
625 2073 724 2148 viam
741 2071 877 2148 deserit
893 2071 1030 2146 arduas.

247 2331 253 2344 ι
318 2222 393 2300 Vel
410 2248 479 2299 nos
495 2222 534 2296 in
553 2220 792 2321 Capitolium,

369 2373 456 2467 Quo
473 2371 614 2448 elamor
630 2382 740 2447 voeat
757 2383 795 2447 et
812 2371 924 2446 turba
939 2370 1157 2463 faventium,

318 2521 392 2600 Vel
408 2547 478 2598 nos
494 2523 534 2597 in
551 2547 653 2598 mare
670 2521 881 2623 proximum

368 2673 557 2765 Gemmas,
576 2683 614 2748 et
630 2671 783 2771 lapides,
801 2697 936 2746 amum
954 2682 992 2746 et
1008 2671 1150 2764 inutile,

320 2826 464 2904 Summi
480 2822 673 2899 materiem
691 2821 789 2913 mali,

369 2975 576 3065 Mittamus,
595 2971 777 3047 scelerum
795 2971 827 3045 si
844 2971 939 3046 bene
955 2969 1125 3070 poenitet.

319 3125 516 3202 Eradenda
532 3123 715 3223 cupidinis

368 3275 481 3351 Pravi
498 3284 587 3348 sunt
604 3272 787 3349 elementa
801 3301 811 3364 3
837 3282 876 3346 et
891 3283 1029 3347 tenerae
1045 3272 1154 3346 nimis

319 3426 468 3502 Mentes
484 3423 737 3523 asperioribus

368 3577 399 3651 F
401 3575 587 3652 ormandae
604 3574 750 3650 studiis.
803 3572 935 3648 Nescit
953 3598 1050 3671 equo
1067 3571 1171 3646 rudis

318 3728 472 3803 Haerere
489 3726 675 3827 ingenuus
693 3751 797 3826 puer,

369 3878 586 3977 Venerique
602 3878 732 3970 timet3
757 3876 888 3952 ludere
906 3876 1058 3968 doctior,

321 4031 397 4108 Seu
415 4029 547 4105 Graeeo
559 4027 695 4130 jubeas
712 4026 854 4120 trocho,

371 4180 447 4257 Seu
464 4178 571 4254 malis
588 4178 704 4254 vetita
720 4177 867 4278 legibus
883 4176 966 4252 alea
980 4206 989 4268 3

320 4333 417 4409 Cum
433 4330 584 4431 perjura
599 4329 716 4430 patris
733 4330 826 4405 fides

370 4481 590 4558 Consortem
607 4478 749 4556 socium
766 4477 872 4553 fallat
888 4487 927 4552 et
943 4476 1138 4575 hospitem,
