3346 5588
191 661 267 716 ons
282 662 310 716 1.
491 663 526 729 Q.
546 663 704 717 noman
720 665 856 720 mcci
873 665 1058 719 ciamus.
1201 648 1273 721 393

324 1038 497 1138 Namque
515 1048 554 1114 et
570 1039 705 1114 nobilis
722 1050 761 1116 et
776 1040 912 1118 decens

373 1189 424 1263 Et
440 1214 508 1288 pro
525 1187 693 1264 sollicitis
709 1214 784 1265 non
800 1191 937 1266 tacitus
955 1192 1038 1286 reis,

323 1341 373 1416 Et
390 1350 543 1416 centum
557 1365 651 1439 puer
667 1341 815 1436 artium,

372 1490 466 1567 Late
483 1490 589 1592 signa
605 1491 701 1566 feret
717 1491 857 1568 militiae
873 1503 948 1570 tuae
964 1524 975 1570 ι

322 1641 373 1715 Et
389 1641 612 1742 quandoque
629 1643 817 1743 potentior

371 1791 506 1892 Largis
522 1791 740 1867 muneribus
756 1791 880 1878 riserit
896 1792 1033 1885 aemuli,

322 1940 492 2016 Albanos
508 1966 624 2042 prope
641 1951 679 2017 te
695 1940 800 2017 lacus

371 2090 492 2166 Ponet
507 2116 752 2166 marmoream
769 2091 840 2166 sub
857 2091 962 2167 trabe
981 2090 1131 2191 Cypria.

322 2238 405 2316 Illic
422 2240 582 2340 plurima
598 2240 751 2315 naribus

373 2389 498 2466 Duces
515 2401 612 2481 tura,
630 2389 795 2490 lyraeque
813 2399 851 2464 et
868 2387 1100 2493 Berecyntia

322 2539 566 2617 Delectabere
581 2539 682 2616 tibiae

371 2695 495 2772 Mistis
512 2696 749 2789 carminibus
768 2721 843 2771 non
861 2694 940 2772 sine
957 2693 1094 2769 fistula.

319 2844 403 2922 Illic
420 2846 477 2921 bis
493 2846 600 2946 pueri
618 2846 676 2920 die

368 2996 520 3072 Numen
537 3020 623 3071 cum
640 2994 778 3070 teneris
795 2994 1004 3095 virginibus
1021 3005 1130 3067 tuum

319 3146 543 3241 Laudantes‚
562 3147 655 3247 pede
673 3146 831 3222 candido

369 3297 415 3372 In
432 3323 573 3372 morem
593 3295 734 3372 Salirim
753 3307 811 3371 ter
828 3296 997 3395 quatient
1013 3294 1184 3368 humum.

179 3535 180 3538 Ἴ
320 3448 385 3523 Me
402 3473 471 3523 nec
488 3448 625 3523 femina
642 3473 710 3523 nec
727 3473 823 3547 puer

368 3600 467 3691 Jam,
486 3625 554 3675 nec
572 3625 657 3700 spes
674 3599 787 3674 animi
805 3598 958 3674 credula
975 3597 1108 3691 mutui,

318 3749 357 3825 N
358 3774 401 3825 ee
419 3759 561 3824 certare
573 3747 685 3848 juvat
701 3773 813 3840 mero,

369 3897 409 3972 N
409 3923 450 3972 ec
468 3897 607 3972 vincire
624 3897 730 3971 novis
748 3908 916 3995 tempora
933 3893 1099 3968 floribus.

322 4045 397 4122 Sed
413 4072 492 4138 eur,
511 4046 611 4122 heu!
665 4046 854 4147 Ligurine,
874 4071 942 4120 cur

370 4195 501 4271 Manat
517 4221 602 4271 rara
618 4221 719 4271 meas
735 4195 901 4295 lacryma
917 4219 985 4294 per
1000 4192 1147 4291 genas?
