3346 5588
717 1240 822 1318 ODE
850 1240 978 1317 XVII.

615 1464 674 1514 AD
708 1464 858 1516 AELIUM
890 1465 1079 1516 naman.

449 1638 551 1730 AEnr,
570 1649 720 1714 vetusto
737 1639 873 1714 nobilis
890 1640 938 1713 ab
955 1638 1083 1732 Lamo,

450 1763 631 1863 (Quando
648 1775 687 1840 et
702 1763 845 1864 priores
862 1763 949 1839 hino
966 1763 1115 1840 Lamias
1131 1763 1257 1840 ferunt

497 1890 778 1981 Denominatos‚
797 1899 836 1965 et
852 1900 1031 1990 nepotum

547 2015 621 2090 Per
637 2040 819 2091 memores
835 2040 955 2115 genus
973 2041 1083 2091 omne
1099 2016 1215 2091 fastos

446 2140 615 2216 Auctore
632 2141 681 2216 ab
697 2139 763 2216 illo
781 2141 885 2216 ducit
901 2140 1093 2242 originem,

448 2267 523 2360 Qui
541 2268 774 2344 Formiarum
791 2268 927 2343 moenia
943 2267 1079 2343 dieitur

496 2392 684 2493 Princeps,
703 2404 742 2467 et
757 2393 947 2467 innantem
964 2391 1116 2468 Maricae

548 2518 757 2594 Littoribus
773 2516 938 2594 tenuisse
955 2517 1083 2610 Lirim,

446 2643 541 2719 Late
559 2643 761 2744 tyrannus)
781 2668 863 2719 oras
879 2642 978 2719 foliis
992 2668 1127 2725 nemus

447 2767 580 2843 Multis
597 2778 636 2844 et
651 2767 738 2869 alga
753 2767 861 2845 littus
876 2767 1001 2843 inutili

497 2893 669 2969 Demissa
684 2904 885 2994 tempestas
902 2894 951 2969 ab
968 2894 1072 2969 Euro

549 3018 709 3111 Sternet,
727 3044 834 3119 aquae
850 3019 921 3094 nisi
937 3018 1034 3094 fallit
1049 3045 1173 3120 augur

447 3145 604 3220 Annosa
620 3144 759 3219 cornix.
812 3144 914 3219 Dum
930 3144 1039 3244 potis,
1058 3145 1203 3218 aridum

448 3269 638 3370 Compone
654 3268 824 3370 lignum:
850 3294 932 3345 oras
948 3269 1102 3369 genium
1119 3294 1221 3345 mero

498 3396 656 3473 Curubis
673 3406 712 3471 et
727 3421 842 3496 poroo
859 3395 1035 3489 bimestri,

547 3522 644 3598 Cum
660 3520 810 3596 famulis
828 3547 984 3622 operum
1000 3521 1145 3597 solutis.

683 3798 978 3860 OBSERVATION
980 3799 1009 3858 S.

409 3929 455 3988 He
473 3928 541 3988 tells
554 3928 654 3988 AElius
675 3929 742 3988 that
762 3929 798 3988 he
818 3928 875 3988 had
895 3929 991 3988 better
1010 3928 1078 3988 take
1098 3928 1259 4007 advantage
1279 3929 1312 3988 of
1329 3951 1347 3988 a

345 4027 401 4085 fine
415 4027 470 4103 day
484 4033 515 4086 to
529 4026 608 4085 fetoh
621 4026 652 4084 iu
665 4026 711 4085 hi·
726 4033 802 4085 storo
816 4026 848 4085 oi
864 4025 933 4099 fuel,
948 4026 992 4084 for
1004 4025 1071 4084 that
1086 4025 1112 4083 it
1129 4045 1195 4102 may
1208 4026 1346 4104 probably

346 4125 408 4183 rain
422 4145 459 4184 on
473 4124 523 4184 the
537 4144 657 4183 morrow
668 4146 722 4182 :-

772 4230 875 4291 “Aquae
886 4228 939 4278 nisi
950 4228 1017 4278 fallit
1027 4242 1110 4290 augur

636 4307 742 4355 Annosa
753 4306 866 4355 comix.”

407 4422 442 4480 In
463 4421 513 4481 the
533 4421 598 4481 first
617 4429 734 4481 stanzae
754 4421 792 4481 he
811 4420 932 4499 prettily
945 4420 1055 4481 alludos
1074 4427 1105 4481 to
1120 4421 1167 4481 his
1181 4421 1295 4482 ffieud’s
1308 4421 1345 4480 il-

344 4519 484 4580 lustrious
498 4526 637 4598 ancestry.
