3346 5588
310 653 385 707 ona
401 656 525 708 xxva.
586 655 621 720 Q.
639 655 1149 711 noanm1rnacc1cnnmun.
1319 638 1391 711 369

492 1032 612 1126 Vana,
631 1059 715 1132 quae
730 1045 839 1134 porta
854 1034 1002 1134 fugiens
1018 1036 1161 1110 eburna

494 1157 687 1236 Somnium
704 1159 837 1235 ducit?
861 1159 1043 1235 meliusne
1060 1160 1197 1237 fluctus

492 1284 552 1360 Ire
569 1310 636 1384 per
651 1284 785 1384 longos
801 1285 884 1377 fuit,
903 1310 951 1360 an
968 1296 1135 1362 recentes

585 1469 587 1474 .
693 1409 854 1509 Carpere
871 1409 1010 1486 flores?

494 1657 534 1736 Si
552 1659 635 1758 quis
652 1659 827 1735 infamem
844 1660 934 1733 mihi
951 1686 1050 1736 nunc
1061 1659 1268 1760 juvencum

492 1784 616 1860 Dedat
631 1785 758 1860 irata!
784 1785 948 1861 lacerare
963 1786 1063 1861 ferro
1081 1798 1119 1861 et

492 1909 678 2010 Frangere
696 1911 816 1986 enitar
831 1912 942 1987 modo
959 1911 1121 1987 multum
1138 1914 1251 1989 amati

694 2035 845 2111 Cornua
861 2038 1027 2165 monstri.

492 2285 695 2385 Impudens
712 2285 806 2383 liqui
823 2286 963 2384 patrios
979 2296 1133 2385 penates
1149 2315 1159 2378 ;

491 2408 693 2508 Impudens
711 2408 852 2487 Orcum
869 2435 1004 2484 moror.
1057 2408 1264 2484 Odecrum

493 2531 533 2610 Si
550 2534 636 2634 quis
652 2534 730 2608 haec
747 2534 864 2627 audis,
883 2533 1027 2608 utinam
1043 2533 1141 2608 inter
1157 2559 1277 2608 errem

692 2657 806 2734 Nuda
823 2657 950 2733 leones
966 2659 974 2731 1

492 2910 707 3010 Antequam
724 2910 845 3009 turpis
862 2911 998 2985 macies
1015 2911 1189 2986 decentes

492 3034 661 3135 Occupet
678 3035 806 3127 malas,
825 3047 1036 3134 teneraeque
1054 3060 1190 3111 succus

492 3159 644 3235 Defluat
659 3162 802 3260 praedae,
821 3162 988 3261 speciosa
1005 3188 1131 3260 quaero

691 3286 848 3361 Pascere
865 3287 991 3386 tigres.

492 3509 589 3586 Vilis
607 3511 768 3611 Europe,
787 3520 894 3611 pater
910 3521 1049 3611 urguet
1065 3512 1209 3594 absens,

492 3636 593 3728 Quid
609 3637 704 3712 mori
721 3636 874 3712 cessas?
899 3648 1005 3736 potes
1022 3637 1093 3712 hac
1110 3638 1157 3712 ab
1176 3663 1266 3712 orno

491 3758 701 3834 Pendulum
718 3786 810 3836 zona
826 3762 921 3836 bene
939 3772 977 3836 te
995 3772 1123 3837 secuta
1140 3788 1176 3837 e·

690 3885 805 3961 lidere
823 3887 980 3963 collum..

492 4134 579 4212 Sive
596 4144 634 4208 tc
650 4159 763 4233 rupes
780 4144 818 4209 et
834 4145 945 4210 acuta
962 4133 1037 4210 leto

493 4261 590 4338 Saxa
607 4260 815 4353 delectant3
840 4286 920 4362 age,
940 4271 978 4337 te
994 4260 1166 4361 procellae

490 4385 609 4462 Crede
627 4386 769 4478 veloci;
794 4386 865 4461 nisi
882 4385 997 4460 herile
1014 4386 1132 4462 mavis

691 4511 853 4611 Carpere
868 4538 1037 4612 pensum,
