3346 5588
220 668 294 722 ODE
310 670 368 723 111.

520 671 555 735 Q·
575 669 733 723 nonam
749 672 884 726 mcor
901 667 1084 726 asumma,
1228 655 1299 728 251

402 1039 504 1114 Dum
521 1039 656 1140 longua
673 1041 769 1115 inter
785 1042 912 1117 saeviat
928 1041 1025 1116 Ilion

401 1190 634 1290 Romamque
652 1201 800 1289 pontus,
819 1190 986 1290 qualibet
1002 1192 1151 1268 exsules

451 1343 497 1417 In
514 1351 620 1441 parte
636 1352 818 1442 regnanto
835 1343 935 1418 beati
949 1372 958 1434 3

501 1491 602 1567 Dum
620 1491 758 1566 Priami
775 1492 994 1593 Paridisque
1011 1494 1124 1569 busto

400 1794 562 1869 Insultet
578 1805 799 1886 armentum,
817 1806 856 1869 et
872 1793 1017 1871 catulos
1034 1794 1121 1870 ferae

401 1943 535 2020 Celent
552 1944 701 2036 inullae3
728 1955 803 2020 stet
820 1943 1047 2044 Capitolium

449 2094 625 2194 Fulgens‚
644 2094 956 2194 triumphatisque
973 2094 1091 2194 possit

449 2233 459 2252 ὑ
498 2246 620 2321 Roma
635 2245 740 2320 ferox
758 2245 846 2320 dare
858 2244 947 2344 jura
964 2245 1097 2320 Medis.

400 2547 597 2623 Horrenda
613 2546 688 2622 late
705 2573 839 2623 nomen
856 2548 895 2620 in
913 2545 1065 2620 ultimas

399 2697 587 2772 Extendat
604 2723 688 2772 oras
702 2725 711 2788 3
738 2722 814 2795 qua
830 2695 974 2770 medius
991 2694 1116 2795 liquor

451 2845 618 2922 Seeernit
635 2847 811 2945 Europen
829 2845 877 2919 ab
895 2844 1002 2936 Afro,

500 2998 585 3090 Qua
601 2997 767 3073 tumidus
784 2997 883 3098 rigat
899 3023 990 3073 arva
1006 2995 1118 3071 Nilus
1135 3027 1143 3071 :

396 3298 546 3373 Aurum
562 3297 802 3396 inrepertum,
821 3297 929 3372 etsie
947 3297 1081 3373 melius
1098 3298 1223 3388 situm,

397 3452 492 3528 Cum
510 3463 610 3526 terra
627 3450 733 3544 celat,
753 3476 926 3551 spernere
943 3451 1085 3544 fortior,

447 3601 570 3692 Quam
588 3625 721 3699 eogere
738 3584 921 3674 humanos
938 3599 977 3672 in
994 3625 1099 3691 usus,

496 3749 616 3826 Omne
634 3776 782 3825 sacrum
799 3748 966 3850 rapiente
983 3748 1125 3823 dextra.

395 4076 620 4174 Quicunque
637 4076 777 4150 mundo
794 4075 975 4149 terminus
993 4073 1149 4163 obstitit,

394 4228 508 4302 Hune
526 4237 655 4326 tangat
672 4225 793 4318 armis,
813 4225 932 4299 visere
949 4222 1112 4323 gestiens

445 4378 531 4470 Qua
547 4389 653 4476 parte
671 4376 945 4451 debacchentur
961 4374 1079 4474 ignes,

494 4528 579 4620 Qua
596 4526 741 4603 nebulae
757 4525 951 4626 pluviique
967 4550 1080 4601 rores.
