3346 5588
206 662 280 716 oon
297 664 415 714 xxxv.
506 664 541 727 o.
561 663 719 716 uomru
735 665 871 718 rnaccr
889 665 1071 718 casumn.
1215 647 1282 718 131

390 1035 453 1109 Ad
470 1061 573 1108 arma
589 1047 785 1128 cessantes,
805 1038 852 1112 ad
863 1057 972 1110 ¹arma

442 1185 623 1277 Concitet,
641 1187 912 1285 imperiumque
928 1187 1087 1288 frangat.

341 1337 396 1411 Te
412 1362 557 1436 semper
574 1337 690 1410 anteit
707 1363 814 1413 serva
831 1339 1054 1432 Necessitas,

341 1485 478 1561 Clavos
495 1486 657 1562 trabales
675 1498 712 1562 et
730 1513 868 1563 cuneos
885 1516 998 1564 manu

391 1636 552 1712 Gestans
569 1638 713 1730 ahena3
740 1663 808 1713 nec
826 1664 979 1714 severus

442 1785 572 1860 Uncus
588 1786 703 1878 abest,
721 1784 980 1885 liquidumque
996 1785 1203 1884 plumbum.

342 1935 398 2011 Te
418 1934 512 2035 Spes
530 1948 568 2010 et
585 1936 672 2010 albo
689 1962 773 2010 rara
791 1936 901 2012 Fides
919 1936 1008 2011 colit

341 2087 478 2162 Velata
494 2114 641 2186 panno;
668 2114 736 2162 nec
755 2087 927 2162 comitem
944 2089 1116 2188 abnegat,

393 2240 595 2339 Utcunque
612 2251 757 2314 mutata
773 2249 944 2338 potentes

442 2389 559 2464 Veste
577 2390 706 2464 domos
722 2388 871 2463 inimica
887 2387 1037 2487 linquis.

341 2539 397 2614 At
413 2539 552 2639 vulgus
569 2539 724 2613 infidum
742 2550 781 2614 et
797 2540 973 2614 meretrix
989 2551 1091 2614 retro

342 2688 498 2788 Perjura
515 2689 635 2764 cedit:
662 2689 866 2789 diffugiunt
883 2688 983 2763 cadis

393 2838 490 2914 Cum
507 2837 596 2912 faece
613 2836 760 2912 siccatis
777 2837 897 2929 amici,

444 2987 558 3061 Ferre
570 2984 706 3086 jugum
725 2986 864 3085 pariter
881 2986 1011 3060 dolosi.

345 3137 479 3215 serves
496 3139 639 3213 iturum
657 3138 841 3213 Caesarem
858 3138 897 3211 in
914 3138 1066 3212 ultimos

345 3288 456 3365 Orbis
473 3289 682 3381 Britannos,
702 3300 740 3362 et
752 3287 936 3386 juvenum
954 3314 1083 3363 recens

393 3442 561 3516 Examen
579 3441 670 3514 Eois
687 3442 892 3515 timendum

444 3588 619 3663 Partibus
638 3587 864 3688 Oceanoque
881 3590 1007 3663 rubro.

343 3740 451 3814 Eheu
468 3741 475 3813 !
504 3739 713 3814 citatricum
730 3751 769 3814 et
786 3739 935 3815 sceleris
952 3740 1069 3838 pudet

345 3890 604 3987 Fratrumque.
661 3888 762 3980 Quid
779 3914 846 3963 nos
863 3888 957 3962 dura
974 3887 1180 3987 refugimus

395 4039 536 4114 AEtas?
561 4037 652 4136 quid
668 4038 851 4112 intactum
868 4036 1001 4110 nefasti

444 4187 671 4286 Liquimus?
696 4187 795 4260 unde
812 4211 963 4260 manum
975 4184 1157 4284 juventus
