3346 5588
240 649 313 702 ODE
332 650 357 700 Ι.
539 650 574 714 Q.
594 650 752 703 HORATII
768 653 903 705 FLACCI
921 654 1103 708 CARMINA.
1250 639 1320 712 149

422 1018 566 1093 Audire
584 1045 739 1119 magnos
751 1019 831 1118 jam
848 1021 977 1097 videor
994 1023 1107 1099 duces

422 1144 510 1219 Non
526 1144 700 1219 indecoro
717 1145 871 1244 pulvere
889 1147 1080 1241 sordidos;
1191 1216 1194 1220 .

472 1273 523 1346 Et
540 1283 675 1346 cuneta
691 1282 876 1346 terrarum
894 1274 1059 1366 subacta,

521 1398 660 1472 Praeter
676 1409 838 1472 atrocem
855 1399 1020 1473 animum
1039 1399 1204 1477 Catonis.

421 1523 446 1598 J
448 1548 534 1615 uno,
553 1532 592 1595 et
608 1522 761 1596 deorum
779 1523 949 1621 quisquis
966 1524 1119 1600 amicior

421 1649 524 1723 Afris
541 1647 660 1721 inulta
678 1656 839 1722 cesserat
856 1648 1039 1747 impotens

471 1772 633 1864 Tellure,
653 1771 834 1846 victorum
852 1786 1006 1872 nepotes

519 1895 680 1971 Rettulit
696 1895 846 1970 inferias
863 1897 888 1972 J
891 1898 1074 1998 ugurthae.

420 2024 514 2116 Quis
531 2049 604 2097 non
624 2022 758 2096 Latino
776 2023 956 2122 sanguine
973 2025 1148 2125 pinguior

419 2150 584 2248 Campus
601 2147 780 2246 sepulcris
797 2148 910 2247 impia
927 2149 1057 2248 proelia

469 2276 657 2366 Testatur,
676 2274 920 2373 auditumque
939 2276 1061 2351 Medis

519 2401 710 2500 Hesperiae
727 2401 889 2475 sonitum
907 2401 1053 2477 ruinae?

419 2527 495 2619 Qui
511 2552 663 2626 gurges,
682 2534 748 2599 aut
765 2551 848 2623 quae
865 2525 1018 2600 flumina
1035 2527 1205 2628 lugubris

415 2653 552 2753 Ignara
568 2651 687 2727 belli?
713 2653 813 2750 quod
831 2678 931 2726 mare
950 2653 1105 2729 Dauniae

465 2777 552 2851 Nou
570 2775 830 2850 decoloravere
849 2776 996 2852 caedes?

516 2902 610 2993 Quae
628 2912 729 2976 caret
746 2927 811 2976 ora
829 2927 960 2977 cruore
978 2904 1135 2978 nostro?

416 3026 490 3102 Sed
507 3053 566 3116 ne,
586 3026 736 3117 relictis,
756 3026 867 3100 Musa
885 3052 1033 3125 procax,
1047 3025 1157 3124 jocis,

415 3152 500 3228 Ceae
516 3163 695 3226 retractes
713 3177 867 3226 munera
883 3152 1032 3244 naeniae3

463 3276 613 3352 Mecum
632 3276 785 3350 Dionaeo
804 3277 874 3350 sub
891 3288 999 3350 antro

513 3402 648 3493 Quaere
664 3400 795 3475 modos
811 3400 951 3476 leviore
968 3401 1122 3501 plectro.

605 3712 826 3772 Oneravarrous
840 3712 1015 3791 (wetiaued).

311 3869 409 3941 taken,
423 3874 439 3904 “
454 3866 623 3927 Periculosa
637 3866 754 3944 plenum
768 3887 840 3944 opus
854 3865 947 3938 aleoe,”
961 3866 991 3924 in
1005 3865 1121 3944 writing
1134 3867 1185 3926 the
1198 3865 1310 3944 history

311 3966 345 4024 oi
355 3966 425 4025 such
438 3973 534 4024 recent
548 3971 656 4024 events.

372 4063 432 4122 The
452 4062 568 4122 terrible
588 4081 684 4121 soenes
704 4061 738 4119 oi
755 4062 806 4120 the
825 4060 892 4120 civil
906 4081 978 4120 wars
999 4081 1046 4121 are
1064 4061 1179 4120 alluded
1193 4066 1225 4119 to
1237 4061 1309 4120 with

310 4167 393 4237 great
416 4180 509 4238 power
530 4160 586 4219 and
609 4159 724 4236 feeling.
768 4159 828 4218 The
848 4159 963 4235 gravity
981 4159 1015 4217 oi
1031 4159 1082 4218 the
1102 4159 1214 4238 subject
1233 4178 1309 4235 may,

204 4220 207 4413 ι
309 4258 441 4336 perhaps,
460 4259 494 4317 be
511 4257 638 4317 received
657 4277 688 4315 as
707 4277 744 4315 an
762 4276 864 4316 excuse
879 4257 923 4315 ior
941 4277 959 4315 a
977 4257 1150 4316 translation
1166 4257 1198 4316 in
1213 4257 1309 4318 heroic

309 4376 399 4416 verse.

201 4522 206 4782 Ι
389 4515 481 4591 Aput,
499 4515 586 4573 1841.
