3346 5588
200 655 274 709 oon
290 657 343 710 m.
474 657 509 722 Q.
527 656 686 712 nosnrn
702 657 838 711 rnncc1
855 657 1037 711 carmus.
1207 639 1278 710 277

383 1035 493 1111 Paene
511 1047 730 1134 occupatam
748 1035 992 1112 seditionibus

383 1162 532 1237 Delevit
549 1161 680 1237 urbem
697 1161 824 1238 Dacus
841 1173 880 1238 et
897 1161 1098 1262 AEthiops3

433 1287 508 1362 Hic
526 1287 644 1362 classe
659 1287 888 1380 formidatus,
906 1287 969 1363 ille

483 1412 691 1489 Missilibus
707 1412 838 1489 melior
854 1412 1010 1513 sagittis
1155 1411 1158 1415 ’

384 1663 574 1741 Foecunda
590 1664 710 1764 culpae
727 1663 863 1740 saecula
879 1664 1029 1764 nuptias

252 1788 268 1815 ⁸
384 1791 552 1866 Primum
568 1790 819 1890 inquinavere,
839 1801 877 1865 et
892 1815 1024 1890 genus,
1043 1801 1082 1864 et
1098 1790 1249 1879 domos;

434 1915 519 1990 Hoc
536 1914 639 1990 fonte
657 1915 824 1991 derivata
841 1913 964 1990 clades

484 2040 529 2114 In
546 2039 706 2140 patriam
722 2038 979 2140 populumque
995 2037 1114 2113 fluxit.

385 2295 514 2370 Motus
532 2295 658 2370 doceri
673 2295 814 2393 gaudet
831 2293 979 2368 Ionicos

385 2421 537 2496 Matura
554 2419 659 2520 virgo
673 2448 683 2513 ;
709 2430 748 2494 et
763 2418 919 2519 fingitur
934 2418 1092 2493 artubus

436 2547 462 2623 J
462 2572 524 2621 am
540 2571 651 2638 nunc,
670 2556 708 2620 et
724 2545 886 2620 incestos
903 2568 1048 2618 amores

485 2671 544 2748 Dc
560 2682 689 2747 tenero
706 2670 908 2745 meditatur
924 2669 1044 2770 ungui
1059 2697 1068 2761 ;

386 2923 478 2999 Mox
489 2922 659 3022 juniores
677 2922 810 3020 quaerit
825 2921 1016 2997 adulteros

385 3049 489 3125 Inter
505 3049 628 3124 mariti
646 3048 756 3139 vina;
782 3072 903 3145 neque
921 3045 1027 3145 eligit

437 3174 509 3250 Cui
527 3175 640 3249 donet
656 3173 886 3274 impermissa
901 3171 1036 3271 raptim

488 3298 647 3388 Gaudia,
664 3296 870 3372 luminibus
887 3296 1064 3371 remotis:

390 3548 464 3626 Sed
475 3548 583 3648 jussa
601 3572 724 3622 coram
741 3572 816 3621 non
833 3546 913 3622 sine
930 3545 1078 3620 conscio

390 3674 519 3773 Surgit
536 3673 668 3748 marito
683 3701 693 3764 3
719 3696 786 3747 seu
804 3681 914 3748 vocat
929 3670 1090 3761 institor,

441 3799 516 3876 Seu
533 3799 639 3874 navis
657 3798 833 3896 Hispanae
848 3795 1036 3897 magister,

489 3925 724 4000 Dedecorum
740 3922 927 4023 pretiosus
944 3931 1073 3995 emtor.

388 4126 477 4202 Non
493 4125 551 4200 his
563 4125 746 4225 juventus
764 4134 845 4197 orta
861 4121 1079 4221 parentibus

388 4252 524 4328 Infecit
540 4277 667 4350 aequor
684 4250 865 4349 sanguine
883 4247 1037 4336 Punico

440 4377 702 4478 Pyrrhumque
720 4386 758 4449 et
774 4375 963 4474 ingentem
981 4371 1113 4447 cecidit

489 4502 719 4576 Antiochum
737 4497 1037 4596 Annibalcmque
1054 4496 1201 4570 dirum:
1229 4589 1231 4594 y
