3346 5588
179 682 253 734 ons
269 682 352 734 v111.
475 683 510 746 Q.
531 683 688 737 nonsru
705 683 841 737 runem
859 685 1042 738 cramus.
1187 665 1259 737 437

363 1055 524 1146 Bonane,
543 1066 582 1129 et
598 1055 761 1154 pretium
778 1054 900 1130 dicere
917 1055 1093 1130 muneris.

363 1206 402 1280 N
404 1231 452 1281 on
468 1204 584 1282 incisa
601 1206 699 1281 notis
716 1231 902 1281 marmora
918 1204 1089 1306 publicis,

364 1357 436 1432 Per
454 1383 537 1457 quae
554 1357 706 1457 spiritus
723 1368 763 1431 et
778 1357 856 1432 vita
872 1357 969 1432 redit
984 1357 1093 1431 bonis

364 1508 457 1583 Post
471 1519 629 1583 mortem
647 1506 805 1582 ducibus
819 1535 829 1599 ;
856 1532 931 1580 non
948 1506 1087 1583 celeres
1103 1507 1203 1607 fugae

363 1655 601 1757 Rejectaeque
618 1670 824 1732 retrorsum
842 1656 1064 1732 Hannibalis
1080 1657 1213 1748 minae3

364 1808 453 1884 Non
468 1808 638 1883 incendia
656 1807 893 1908 Carthaginis
909 1806 1041 1907 impiae,

365 1958 459 2059 Ejus
477 1960 540 2059 qui
558 1959 697 2033 domita
714 1984 848 2034 nomen
865 1959 913 2034 ab
931 1959 1061 2035 Africa

366 2110 552 2185 Lucratus
569 2109 679 2184 rediit
696 2108 834 2183 clarius
850 2109 1015 2185 indicant

366 2260 526 2353 Laudes,
545 2287 657 2361 quam
675 2260 844 2337 Calabrae
861 2261 1049 2337 Pieridest
1075 2287 1209 2361 neque,

367 2410 407 2487 Si
425 2412 561 2486 chanae
579 2410 713 2487 sileant
730 2412 831 2511 quod
847 2412 942 2487 bene
959 2411 1100 2506 feceris,

367 2561 579 2636 Mercedem
596 2559 738 2635 tuleris.
794 2541 894 2653 Quid
910 2562 1008 2637 foret
1024 2562 1102 2637 Iliae

366 2712 623 2811 Mavortisque
640 2736 745 2811 puer,
764 2711 795 2785 si
813 2713 1048 2788 taciturnitas

258 2937 263 2966 ¹
368 2862 543 2940 Obstaret
558 2863 701 2938 meritis
718 2864 842 2938 invida
859 2863 1041 2939 Romuli?

367 3017 548 3116 Ereptum
568 3014 709 3116 Stygiis
725 3015 901 3091 fluctibus
919 3014 1082 3091 AEacum

368 3167 501 3242 Virtus
518 3179 557 3241 et
573 3167 679 3242 favor
695 3177 733 3241 et
749 3166 878 3266 lingua
894 3167 1103 3265 potentium

369 3319 511 3394 Vatum
528 3317 705 3393 divitibus
722 3331 914 3393 consecrat
930 3318 1071 3394 insulis.

369 3470 528 3546 Dmuuu
544 3471 655 3545 laude
672 3470 796 3546 virum
813 3470 925 3547 Musa
941 3481 1045 3546 vetat
1061 3473 1155 3547 mori
1171 3503 1181 3565 ;

369 3620 474 3696 Coelo
492 3621 604 3696 Musa
620 3621 718 3695 beat.
774 3619 834 3696 sic
851 3621 877 3696 J
878 3621 958 3696 ovis
975 3621 1128 3698 interest
