3346 5588
183 660 256 712 oon
274 661 330 711 ru.
480 660 515 721 e.
535 658 693 711 neulru
709 659 846 713 resecr
863 659 1045 712 crunnus.
1193 642 1264 713 157

367 1032 456 1107 Huc
473 1032 560 1107 vina
577 1041 615 1106 et
632 1042 824 1130 unguenta
841 1042 880 1106 et
896 1031 1051 1104 nimium
1068 1032 1199 1106 breves

367 1157 397 1232 F
398 1158 496 1233 lores
513 1183 666 1231 amoenae
683 1158 778 1231 ferre
790 1156 884 1255 jube
901 1184 1005 1248 rosae,

418 1284 518 1358 Dum
536 1309 595 1358 res
613 1295 651 1357 et
666 1296 756 1357 aetas
773 1296 811 1358 et
828 1309 997 1358 sororum

467 1408 549 1483 Fila
565 1411 678 1483 trium
696 1410 890 1508 patiuntur
906 1422 997 1486 atra.

369 1760 489 1836 Cedes
505 1763 661 1838 coemtis
678 1760 846 1853 saltibus,
865 1772 903 1836 et
920 1763 1040 1854 domo,

369 1888 555 1986 Villaque‚
573 1887 694 1963 flnvus
711 1913 824 1986 quam
843 1887 990 1961 Tiberis
1006 1887 1121 1962 lavit:

419 2011 561 2105 Cedes;
587 2022 625 2086 et
643 2012 840 2086 exstructis
857 2011 895 2084 in
912 2011 1031 2085 altum

468 2137 618 2212 Divitiis
635 2138 798 2238 potietur
814 2137 942 2211 haeres.

368 2480 542 2572 Divesne‚
561 2481 681 2579 prisco
698 2490 809 2555 natus
826 2481 874 2555 ab
892 2481 1042 2572 broche,

368 2606 433 2680 Nil
450 2606 613 2699 interest,
631 2632 679 2680 an
696 2632 848 2705 pauper,
867 2618 905 2681 et
921 2608 1047 2681 infima

418 2731 476 2806 De
492 2742 604 2830 gente
622 2732 692 2805 sub
711 2731 797 2806 divo
813 2733 977 2824 moreris,

468 2857 632 2932 Victima
646 2856 699 2930 nil
716 2857 924 2932 miserantis
942 2857 1041 2934 Orci.

369 3186 509 3265 Omnes
526 3186 655 3262 eodem
673 3186 842 3285 cogimur
857 3215 866 3260 z
892 3185 1058 3259 omnium

369 3294 553 3388 Versetur
569 3337 664 3385 urna
681 3311 800 3385 serius
817 3311 921 3385 ocius

420 3437 509 3513 Sors
527 3438 682 3528 exitura,
701 3447 740 3510 et
756 3462 823 3510 nos
840 3436 879 3509 in
895 3446 1074 3510 aeternum

469 3561 652 3637 Exsilium
668 3561 887 3660 impositura
903 3561 1055 3658 cymbae.

608 3967 903 4029 OBSERVATION
906 3966 935 4025 S.

329 4126 359 4184 A
372 4124 514 4184 beautiful
535 4122 723 4200 composition
744 4142 822 4199 upon
842 4121 892 4180 the
913 4119 1092 4196 uncertninty
1108 4118 1142 4176 of
1157 4117 1267 4176 humen

268 4224 327 4298 life,
342 4224 398 4282 and
414 4223 464 4282 the
477 4221 641 4299 instability
655 4221 688 4280 ol
706 4220 744 4279 all
764 4220 876 4296 esrthly
889 4219 1073 4296 possessione.
1115 4216 1267 4275 Therefore

267 4322 304 4381 hc
317 4320 511 4381 recommends
525 4319 704 4396 equanimity
717 4318 750 4377 os
761 4324 871 4395 temper
891 4316 948 4376 end
967 4323 1082 4393 present
1103 4314 1267 4394 enjoyment

267 4418 351 4479 while
371 4421 397 4477 it
416 4438 483 4495 may
502 4419 538 4476 be
558 4417 657 4477 found.
709 4416 771 4476 Ode
792 4416 889 4489 xlv„
909 4421 942 4474 te
963 4415 1131 4485 Postumus,
1150 4413 1177 4471 is
1197 4413 1228 4471 in
1250 4432 1268 4470 a

268 4516 377 4577 similer
391 4516 492 4576 strnin.
