3346 5588
183 671 257 725 ODE
274 673 327 725 lV.

482 673 517 737 Q.
537 672 695 726 nostru
712 674 848 729 rnacc1
865 674 1048 728 casurus.
1193 656 1264 727 411

369 1044 507 1119 Videre
524 1045 666 1119 Rbaetis
682 1044 782 1120 bella
799 1044 870 1119 sub
888 1044 1050 1144 Alpibus

367 1169 534 1244 Drusum
551 1181 743 1270 gerentem
761 1168 970 1262 Vindelici3
996 1169 1133 1269 quibus

417 1292 503 1369 Mos
520 1295 619 1368 unde
637 1294 819 1370 deductus
836 1319 904 1394 per
919 1320 1028 1370 omne

468 1418 634 1520 Tempus
651 1420 856 1495 Amazonia
872 1420 993 1496 securi

366 1672 528 1747 Dextrae
545 1672 725 1762 obarmet,
744 1695 908 1769 quaerere
926 1670 1077 1746 distuli:

369 1797 470 1897 (Nec
488 1790 582 1873 scire
599 1797 655 1871 fas
673 1806 730 1871 est
747 1797 890 1894 omnia)
909 1797 975 1872 sed
992 1796 1057 1871 diu

415 1921 585 2020 Lateque
601 1921 773 1997 victrices
790 1931 956 2016 catervae,

466 2046 640 2123 Consiliis
652 2045 803 2147 juvenis
819 2046 980 2138 revictae,

369 2297 525 2374 Sensere
542 2297 632 2396 quid
649 2321 752 2372 mens
770 2297 849 2390 rite,
869 2297 959 2396 quid
975 2295 1118 2370 indoles

368 2424 522 2499 Nutrita
538 2422 671 2499 faustis
688 2423 759 2497 sub
775 2422 1030 2522 penetralibus

418 2548 561 2640 Posset,
580 2546 670 2647 quid
688 2548 855 2647 Augusti
872 2559 1049 2647 patemus

467 2673 514 2748 In
529 2675 666 2774 pucros
683 2674 830 2748 animus
848 2674 1029 2749 Nerones.

369 2923 517 2998 Fosnns
535 2934 709 2998 creantur
724 2924 884 2998 fortibus
902 2934 941 2997 et
957 2923 1089 2999 bonis:

368 3051 436 3126 Est
453 3051 490 3124 in
504 3049 688 3150 juvencis,
707 3049 818 3124 estin
835 3049 952 3149 equis,
971 3060 1119 3147 patrum

418 3176 552 3252 Virtus
566 3204 575 3267 ;
601 3201 670 3251 nec
686 3175 873 3250 imbellem
890 3177 1033 3250 feroces

468 3301 723 3401 Progenerant
738 3299 874 3398 squilae
890 3299 1113 3374 columbam.

369 3553 549 3629 Doctrina
565 3554 630 3629 sed
646 3554 722 3629 vim
739 3565 934 3653 promovet
950 3552 1109 3642 insitam,

369 3678 553 3778 Rectique
570 3676 694 3754 cultus
712 3689 861 3778 pectora
878 3678 1079 3752 roborant:

422 3804 625 3904 Utcunque
643 3803 810 3880 defecere
828 3828 959 3896 mores,

470 3930 705 4005 Dedecorant
721 3929 816 4004 bene
833 3940 921 4004 nata
938 3927 1067 4028 culpae.

370 4156 471 4248 Quid
488 4158 633 4248 debeas,
653 4182 676 4229 o
694 4155 823 4248 Roma,
842 4155 1067 4247 Neronibus,

371 4281 495 4356 Testis
512 4279 727 4356 Metaurum
744 4279 882 4354 flumen
900 4291 938 4354 et
955 4276 1146 4377 Asdrubal

420 4406 611 4498 Devictus,
630 4417 668 4480 et
685 4405 841 4504 pulcher
857 4405 997 4505 fugatis

469 4531 539 4606 Ille
557 4530 635 4606 dies
653 4529 761 4605 Latio
779 4529 953 4620 tenebris,
