3346 5588
202 660 276 714 ODE
293 663 346 718 IV.

497 662 532 726 o.
552 662 710 717 nonam
727 661 864 715 macor
881 662 1065 716 olannus.
1213 645 1284 719 261

385 1037 465 1113 Vos
481 1036 565 1112 lene
583 1037 778 1113 eonsilium
796 1048 835 1112 et
851 1038 960 1131 datis,
978 1052 1017 1115 et
1034 1041 1121 1116 dato

384 1185 577 1278 Gaudetis,
596 1186 713 1262 almas.
768 1186 924 1283 Scimus,
944 1202 988 1265 ut
1003 1190 1138 1290 impios

434 1339 588 1415 Titanas
605 1339 878 1440 immanemque
895 1352 1058 1418 turmam

483 1488 656 1565 Fulmine
673 1490 869 1566 sustulerit
886 1493 1040 1585 caduco,

384 1760 460 1852 Qui
477 1773 614 1836 terram
630 1761 798 1854 inertem,
818 1762 883 1861 qui
900 1788 1002 1838 mare
1019 1773 1203 1863 temperat

240 1962 242 1966 >
384 1910 604 2005 Ventosum,
623 1923 661 1986 et
679 1914 801 2004 urbes,
820 1938 1011 2013 regnaque
1028 1913 1160 2006 tristia,

433 2062 625 2160 Divosque
643 2062 892 2162 mortalesque
910 2064 1040 2140 turbas

482 2213 645 2312 Imperio
662 2214 759 2314 regit
776 2240 875 2289 uuus
892 2239 1010 2314 aequo.

383 2488 565 2589 Magnum
582 2488 646 2563 illa
663 2500 843 2564 terrorem
860 2489 1038 2565 intulerat
1054 2490 1080 2565 J
1082 2491 1144 2566 ovi

382 2637 517 2713 Fidens
528 2637 723 2737 juventus,
740 2637 891 2712 horrida
907 2637 1080 2733 brachiis,

433 2787 462 2860 F
463 2799 657 2887 ratresque
675 2789 870 2862 tendentes
888 2813 1004 2888 opaco

481 2937 610 3012 Pelion
626 2938 847 3039 imposuisse
867 2936 1043 3037 Olympo.

382 3211 455 3288 Sed
473 3213 563 3312 quid
581 3212 799 3312 Typhoeus,
819 3223 856 3287 et
873 3212 1019 3288 validus
1037 3214 1185 3308 Mimas,

379 3366 460 3440 Aut
476 3366 567 3465 quid
585 3365 719 3439 minaci
736 3365 971 3464 Porphyrion
989 3374 1102 3458 statu,

429 3513 530 3605 Quid
546 3515 718 3606 Rhoetus,
737 3511 951 3611 evulsisque
967 3511 1110 3588 truncis

478 3663 688 3738 Enceladus
700 3662 889 3761 jaculator
905 3663 1039 3752 audax,

378 3961 518 4037 Contra
535 3974 727 4037 sonantem
745 3963 908 4037 Palladis
926 3964 1044 4063 aegida

377 4114 534 4189 Possent
550 4115 732 4189 ruentes?
783 4114 882 4188 Hine
900 4114 1032 4188 avidus
1049 4113 1152 4187 stetit

426 4264 622 4340 Vulcanus
637 4294 646 4357 ;
672 4265 758 4338 hine
776 4277 945 4339 matrona
962 4264 988 4339 J
989 4290 1065 4339 uno
1080 4293 1090 4357 3
1116 4275 1155 4339 et
1216 4269 1218 4274 ’

476 4416 680 4515 Nunquam
697 4415 863 4489 humeris
880 4413 1071 4512 positurus
1088 4439 1227 4506 areum,
