3346 5588
309 679 384 734 oon
401 643 482 732 xlvi
608 680 643 744 Q·
663 678 823 732 noanru
840 678 976 733 nancel
994 680 1177 732 caraman.
1320 660 1392 732 467

479 1115 481 1120 ,
498 1049 729 1150 Spectandae
746 1050 785 1124 in
801 1049 1003 1125 certamine
1020 1049 1170 1143 Martio,
1301 1083 1305 1091 ·

496 1201 643 1277 Devota
659 1200 767 1276 morti
784 1212 936 1300 pectora
952 1201 1077 1277 liberae

548 1350 708 1444 ouantis
723 1350 897 1451 fatigaret
913 1350 1055 1427 ruinis:
1117 1330 1119 1335 ’

597 1502 802 1578 Indomitas
818 1528 934 1602 prope
951 1502 1073 1602 qualis
1090 1503 1210 1578 undas

499 1652 659 1728 Exercet
675 1651 827 1747 Auster,
846 1652 1041 1728 Pleiadum
1059 1653 1173 1729 choro

500 1802 699 1879 Scindente
716 1805 846 1896 nubes,
864 1803 1022 1904 impiger
1038 1804 1201 1880 hostium
1315 1781 1317 1784 ,
1363 1785 1365 1789 ¹
1406 1880 1410 1887 ,

549 1952 698 2029 Vexare
715 1963 857 2028 turmas
874 1963 913 2029 et
928 1952 1146 2029 frementem

599 2102 751 2179 Mittere
768 2129 907 2202 equum
924 2104 1065 2179 medios
1081 2129 1149 2203 per
1164 2104 1280 2204 ignes.
1304 2103 1309 2112 “

502 2252 563 2329 Sic
579 2251 806 2328 tauriformis
823 2251 989 2328 volvitur
1005 2251 1181 2344 Aufidus,

502 2402 577 2496 Qui
594 2427 710 2504 regna
726 2402 852 2478 Dauni
868 2402 1028 2502 praefluit
1045 2402 1199 2502 Appuli‚

551 2550 648 2627 Cum
665 2549 770 2626 saevit
785 2549 1083 2648 horrendamque
1101 2549 1213 2626 cultis

599 2699 789 2774 Diluviem
807 2698 1008 2774 meditatur
1024 2699 1148 2799 agris3

501 2848 556 2924 Ut
571 2849 814 2925 barbarorum
833 2848 1014 2925 Claudius
1031 2848 1181 2950 agmina

501 3002 654 3076 Ferrata
671 3011 776 3075 vasto
794 3000 908 3075 diruit
924 3000 1077 3100 impetu,

551 3151 770 3248 Primosque
787 3160 826 3225 et
843 3159 1029 3226 extremos
1045 3150 1219 3225 metendo

603 3300 744 3377 Stravit
761 3300 929 3393 humum,
947 3300 1027 3374 sine
1045 3299 1150 3376 clade
1167 3300 1311 3392 vietor;

502 3450 558 3524 Te
576 3449 711 3548 copias,
729 3458 767 3524 te
785 3448 981 3524 eonsilium
998 3459 1037 3524 et
1053 3459 1139 3525 tuos

502 3599 695 3674 Praebente
712 3598 843 3675 divos:
869 3625 956 3674 nam
973 3600 1051 3694 tibi,
1071 3625 1146 3698 quo
1164 3600 1224 3676 die

551 3750 688 3826 Portus
705 3749 942 3826 Alexandrea
958 3752 1118 3852 supplex

602 3900 653 3976 Et
668 3926 826 3976 vacuam
842 3903 1019 4002 patefecit
1034 3902 1172 3994 aulam,

502 4051 668 4126 Fortuna
684 4050 804 4128 lustro
820 4077 998 4153 prospera
1014 4054 1125 4130 tertio

501 4200 596 4275 Belli
614 4202 797 4278 secundos
813 4203 974 4278 reddidit
991 4203 1126 4296 exitus,
1162 4273 1164 4278 .

551 4349 794 4450 Laudemque
811 4363 850 4428 et
866 4363 1038 4453 optatum
1053 4354 1213 4454 peractis

602 4502 773 4603 Imperiis
790 4505 904 4580 decus
920 4503 1122 4604 arrogavit

300 4801 609 4810 ------
