3346 5588
202 672 277 725 ODE
294 671 348 724 XI.

502 671 537 735 o.
557 669 716 723 nousrn
732 669 868 723 mem
886 670 1069 726 ossum.
1210 651 1283 724 301

387 1036 597 1130 Cerberus3
624 1037 794 1136 quumvis
811 1036 945 1113 furiale
962 1047 1114 1112 eentum

387 1161 561 1237 Munisnt
577 1186 721 1261 angues
737 1173 852 1261 eaput
868 1160 962 1262 ejus,
980 1173 1094 1262 atque

387 1286 549 1387 Spiritus
567 1298 663 1361 teter
680 1287 876 1387 saniesque
892 1299 1020 1363 munet

587 1409 663 1488 Ore
680 1411 862 1512 trilingui.

386 1610 487 1703 Quin
504 1612 543 1686 et
559 1611 667 1686 Ixion
685 1611 894 1712 Tityosque
910 1613 1021 1688 vultu

384 1737 483 1812 Risit
498 1737 641 1813 invito:
667 1737 770 1813 stetit
789 1764 884 1814 urna
900 1738 1055 1838 paulum

386 1860 503 1956 Sicos,
523 1862 612 1937 dum
628 1872 738 1962 grato
755 1862 876 1938 Danai
893 1863 1037 1962 puellus

585 1985 759 2062 Carmine
775 1988 929 2063 mulces.

385 2183 529 2258 Audiat
545 2181 653 2282 Lyde
670 2184 793 2259 scelus
809 2197 924 2285 etque
941 2196 1050 2261 notes

384 2309 584 2410 Virginum
602 2334 742 2408 peenas,
761 2320 800 2386 et
815 2310 924 2386 inane
941 2311 1103 2412 lymphae

385 2434 540 2510 Dolium
556 2435 672 2510 fundo
688 2437 880 2535 pereuntis
895 2436 981 2530 imo,

587 2557 752 2658 Sersque
768 2560 855 2652 fata,

386 2758 480 2851 Quae
496 2769 648 2834 manent
665 2759 795 2859 culpas
813 2761 926 2835 etism
943 2761 1015 2836 sub
1033 2759 1132 2837 Oreo
1149 2792 1157 2836 :

384 2884 513 2982 Impiae
531 2883 638 2983 (nam
655 2883 746 2982 quid
762 2894 918 2984 potuere
934 2883 1056 2985 majus
1068 2886 1105 2985 P)

383 3007 512 3109 Impiae
528 3033 685 3109 sponsos
700 3019 858 3108 potuere
875 3010 970 3085 duro

586 3132 747 3209 Perdere
765 3134 874 3209 ferro.

383 3329 473 3409 =Une
489 3334 536 3408 de
553 3333 691 3428 multis,
709 3334 790 3410 fsee
807 3335 967 3435 nuptiali

385 3459 521 3560 Digna,
539 3457 731 3559 perjurum
748 3460 822 3534 fuit
837 3459 876 3534 in
893 3472 1085 3559 parentem

387 3582 587 3683 Splendide
604 3585 773 3678 mendax,
792 3584 885 3661 etin
903 3610 1012 3661 omne
1030 3586 1136 3687 virgo

584 3708 732 3784 Nobilis
749 3734 870 3785 aevum
888 3740 897 3784 ε

386 3905 518 4007 Surge,
537 3933 620 4006 quae
638 3908 731 3982 dixit
741 3907 875 4008 juveni
892 3909 1038 4002 marito,

387 4031 518 4134 Surge,
537 4060 584 4109 ne
601 4034 738 4134 longus
755 4035 825 4109 tibi
842 4062 1007 4129 somnus,
1026 4039 1125 4112 unde

384 4158 472 4234 Non
490 4159 607 4253 times,
627 4161 737 4236 detur
751 4190 760 4254 3
786 4186 959 4236 socerum
975 4173 1014 4237 et
1030 4163 1206 4239 scelestes

585 4286 689 4362 Falle
707 4312 877 4379 sorores3
944 4363 949 4374 ,
