3346 5588
197 658 272 712 oon
289 659 342 713 IV.

508 658 543 722 Q.
563 659 721 712 noanon
737 659 873 714 runem
890 660 1075 714 onanma,
1205 641 1277 715 259

381 1030 525 1105 Texere
540 1057 550 1119 3
576 1028 711 1102 mirum
729 1028 830 1127 quod
847 1029 944 1105 foret
960 1029 1143 1124 omnibus,

380 1154 606 1252 Quicunque
624 1151 731 1228 celsae
747 1152 877 1229 nidum
893 1156 1142 1249 Acheronte,

431 1278 632 1376 Saltusque
649 1277 841 1369 Bantinos,
860 1289 898 1353 et
914 1304 1045 1355 arvum

479 1404 624 1502 Pingue
641 1413 771 1477 tenent
786 1402 938 1478 humilis
955 1403 1115 1499 Ferenti,

381 1529 434 1605 Ut
451 1538 534 1603 tuto
551 1528 599 1602 ab
616 1527 708 1601 atris
726 1552 882 1627 corpore
898 1529 1035 1628 viperis

379 1654 589 1730 Dormirem
607 1664 645 1727 et
662 1652 759 1727 ursis
773 1682 782 1745 3
809 1665 853 1728 ut
869 1679 1057 1752 premerer
1073 1681 1179 1732 sacra

428 1781 629 1877 Lauroque
648 1775 857 1875 collataque
874 1789 1010 1875 myrto,

478 1905 566 1981 Non
583 1904 662 1979 sine
680 1903 749 1977 Dis
766 1903 954 1979 animosus
972 1904 1104 1980 infans.

378 2032 525 2121 Vester,
545 2028 741 2118 Camoenae,
760 2038 884 2103 vester
900 2028 939 2102 in
956 2030 1093 2104 arduos

378 2156 508 2232 Tollor
526 2154 684 2231 Sabinos
698 2181 708 2244 ;
733 2178 801 2228 seu
818 2153 909 2227 mihi
926 2154 1102 2253 frigidum

427 2281 624 2371 Praeneste,
643 2303 710 2353 seu
729 2277 849 2352 Tibur
866 2278 1054 2377 supinum,

479 2406 555 2481 Seu
571 2402 721 2502 liquidae
738 2401 912 2502 placuere
930 2403 1041 2479 Baiae.

377 2532 524 2608 Vestris
540 2530 701 2604 amicum
717 2529 884 2604 fontibus
901 2539 940 2604 et
956 2529 1089 2622 choris,

377 2660 465 2736 Non
481 2683 541 2732 me
559 2656 740 2754 Philippis
757 2680 865 2730 versu
875 2654 981 2732 acies
997 2666 1110 2748 retro,

427 2782 573 2857 Devota
590 2805 665 2854 non
682 2779 860 2853 exstinxit
877 2780 999 2871 arbor,

476 2907 558 2983 Nec
577 2904 702 2981 Sicula
721 2905 921 2980 Palinurus
938 2906 1051 2981 unda.

376 3035 579 3131 Utcunque
596 3055 742 3105 mecum
759 3055 826 3104 vos
844 3029 956 3122 eritis,
974 3030 1094 3106 libens

376 3159 627 3234 Insanientem
644 3156 770 3231 navita
787 3155 996 3254 Bosporum

428 3281 611 3371 Tentabo,
629 3291 667 3354 et
682 3290 829 3353 arentes
846 3304 978 3354 arenas

478 3406 634 3481 Littoris
651 3404 800 3503 Assyrii
818 3403 963 3478 viator:

377 3534 508 3610 Visam
525 3532 725 3607 Britannos
741 3530 951 3629 hospitibus
968 3528 1079 3619 feros,

377 3662 427 3734 Et
444 3659 570 3734 laetum
588 3657 725 3757 equino
742 3656 924 3754 sanguiue
943 3653 1184 3730 Concanum:

427 3785 558 3862 Visam
575 3785 806 3883 pharetratos
824 3779 991 3855 Gelonos

476 3913 527 3986 Et
546 3910 764 4010 Scythicum
782 3905 983 3981 inviolatus
1000 3929 1157 3979 amnem.

376 4037 458 4113 Vos
476 4036 660 4112 Caesurem
677 4034 805 4125 altum,
824 4030 956 4105 militia
972 4028 1083 4105 simul

377 4164 509 4237 Fessus
526 4162 698 4237 cohortes
715 4158 858 4233 obdidit
875 4155 1030 4255 oppidis,

427 4288 551 4362 Finire
569 4296 795 4386 quaerentem
812 4282 970 4371 labores,

475 4412 599 4487 Pierio
615 4409 792 4486 recreatis
809 4417 918 4481 antro
934 4435 943 4479 z
