3346 5588
698 1356 812 1433 ODE
857 1358 1024 1432 XVIII.

753 1677 806 1727 AD
824 1677 969 1728 VARUM.

363 1951 540 2047 Numan,
560 1953 671 2044 Vane,
690 1978 796 2028 saera
812 1954 888 2028 vite
909 1955 1013 2050 prius
1034 1955 1172 2030 severis
1192 1957 1362 2031 arborem

362 2078 472 2154 Circa
489 2080 578 2152 mite
595 2079 717 2153 solum
735 2079 898 2170 Tiburis
917 2091 955 2154 et
972 2081 1107 2155 moenia
1125 2081 1247 2156 Catili.

363 2203 479 2279 Siccis
497 2205 620 2279 omnia
637 2230 721 2278 nam
739 2205 833 2278 dura
850 2206 954 2280 Deus
972 2207 1189 2305 proposuit;
1215 2232 1337 2306 neque

361 2330 557 2403 Mordaees
575 2329 682 2404 aliter
700 2328 902 2429 diffirgiunt
918 2330 1183 2406 solicitudines

362 2455 457 2547 Quis
480 2465 566 2553 post
585 2454 672 2528 vina
691 2480 843 2553 gravem
864 2455 1032 2530 militiam
1056 2467 1123 2530 aut
1147 2457 1362 2557 pauperiem

512 2580 668 2678 crepat?

363 2705 457 2797 Quis
477 2731 552 2779 non
572 2716 610 2779 te
630 2704 767 2804 potius,
785 2704 931 2780 Bacche
951 2715 1068 2804 pater,
1087 2716 1210 2805 teque,
1229 2705 1362 2781 decens

513 2830 674 2904 Venus?

363 2958 417 3032 At
433 2982 480 3031 ne
498 2957 582 3055 quis
600 2957 734 3031 modici
752 2955 934 3030 transiliat
950 2982 1105 3031 munera
1122 2956 1260 3048 Liberi,

363 3081 573 3156 Centaurea
593 3093 719 3156 monet
739 3107 826 3154 eum
843 3080 1012 3180 Lapithis
1032 3082 1113 3154 rixa
1130 3106 1243 3180 super
1259 3106 1362 3156 mero

362 3206 576 3282 Debellata:
602 3222 728 3279 monet
746 3204 925 3280 Sithoniis
942 3231 1017 3279 non
1033 3204 1127 3281 levis
1145 3207 1286 3298 Evius3

236 3347 248 3361 ''
362 3332 459 3407 Cum
475 3331 531 3406 fas
548 3341 660 3429 atque
677 3331 780 3405 nefas
798 3331 934 3430 exigno
951 3331 1024 3404 fine
1041 3329 1236 3404 libidinum

361 3457 588 3533 Discernunt
600 3457 710 3532 avidi.
751 3457 838 3532 Non
852 3483 922 3556 ego
936 3468 985 3548 te,
997 3457 1151 3532 candide
1164 3457 1359 3549 Bassareu,

360 3583 525 3659 Invitum
543 3584 707 3682 quatiam
723 3613 732 3676 ;
758 3609 826 3658 nec
844 3583 955 3657 variis
973 3583 1093 3657 obsita
1109 3583 1301 3657 frondibus

361 3709 441 3785 Sub
459 3711 585 3785 divum
603 3709 764 3809 rapiam:
790 3735 888 3784 saeva
904 3720 989 3782 tene
1006 3735 1090 3782 eum
1109 3707 1331 3807 Berecyntio

362 3836 491 3911 Cornu
515 3848 702 3935 tympana,
725 3860 808 3934 quae
833 3834 1074 3932 subsequitur
1097 3858 1216 3908 caecus
1241 3833 1361 3921 Amor

509 3960 578 4052 sui,

359 4085 410 4159 Et
425 4084 561 4159 tollens
579 4111 738 4160 vacuum
756 4084 841 4183 plus
859 4084 971 4158 nimio
983 4083 1120 4159 'Gloria
1137 4084 1324 4175 verticem,

359 4210 573 4308 Arcanique
591 4209 701 4283 Fides
717 4209 883 4307 prodiga,
901 4208 1125 4308 perlucidior
1142 4207 1251 4283 vitro.
