3346 5588
763 1545 868 1619 ΟΒΕ
899 1545 984 1618 Vll

494 1867 547 1916 AD
565 1867 768 1918 MUNATIUM
785 1865 973 1933 PLANCUM,
993 1866 1250 1918 CONSULAREM.

423 2270 506 2342 Aut
523 2268 709 2368 Epheson,
728 2267 926 2342 bimarisve
946 2267 1116 2342 Corinthi

373 2393 526 2485 Moenia,
541 2393 602 2468 vel
616 2393 764 2468 Baccho
779 2393 930 2469 Thebas
943 2393 1003 2468 vel
1017 2395 1194 2495 Apolline
1207 2396 1375 2496 Delphos

423 2519 605 2620 Insignes,
623 2530 692 2593 aut
709 2518 891 2593 Thessala
909 2520 1075 2620 Tempe·

267 2700 269 2729 .
376 2645 471 2722 Sunt
505 2645 642 2744 quibus
673 2670 791 2718 unum
822 2670 917 2744 opus
948 2656 1006 2719 est
1034 2645 1182 2721 intactae
1212 2646 1375 2724 Palladis

524 2772 656 2846 urbem

425 2896 598 2971 Carmine
614 2906 797 2995 perpetuo
815 2893 1014 2985 celebrare,
1034 2906 1072 2968 et

266 3108 269 3133 Ι
374 3021 550 3121 Undique
569 3022 751 3120 decerptae
767 3020 890 3094 frondi
908 3045 1123 3120 praeponere
1141 3021 1302 3097 olivam:

423 3146 640 3221 Plurimus'
630 3172 669 3219 1n
686 3146 711 3220 J
714 3171 849 3220 unonrs
866 3146 1045 3220 honorem

373 3270 518 3371 Aptum
536 3270 635 3345 dicet
652 3270 758 3369 equis
776 3270 902 3370 Argos
920 3270 1090 3369 ditesque
1107 3269 1299 3370 Mycenas.

423 3396 487 3470 Me
505 3408 667 3471 nectam
684 3396 828 3495 patiens
848 3394 1102 3487 Lacedaemon,

373 3520 455 3594 Nec
471 3532 548 3595 tam
567 3518 724 3595 Larissae
741 3521 925 3619 percussit
942 3547 1096 3620 campus
1114 3523 1255 3622 opimae,

424 3645 547 3737 Quam
565 3646 699 3721 domus
716 3645 901 3721 Albuneae
917 3647 1136 3739 resonantis,

373 3770 423 3844 Et
440 3795 603 3869 praeoeps
621 3771 722 3846 Anio
739 3797 783 3846 ac
802 3772 961 3846 Tiburni
979 3770 1101 3863 lucus,
1120 3784 1158 3847 et
1175 3767 1280 3847 uda

423 3893 628 3969 Mobilibus
645 3895 812 3994 pomaria
828 3895 929 3969 rivis.

372 4019 496 4095 Albus
514 4031 556 4094 ut
573 4022 733 4097 obscuro
751 4024 921 4122 deterget
938 4021 1067 4096 nubila
1087 4021 1181 4097 coelo

424 4146 528 4245 Saepe
546 4147 671 4222 Notus
689 4173 810 4246 neque
826 4147 987 4247 parturit
972 4149 1141 4223 timbres

372 4272 602 4370 Perpetuos3
629 4272 682 4347 sic
699 4283 741 4346 tu
759 4273 906 4371 sapiens
924 4272 1030 4347 finire
1048 4285 1235 4348 memento

424 4398 629 4473 Tristitiam
647 4398 807 4498 vitaeque
824 4399 971 4474 labores

373 4522 493 4616 Molli,
511 4524 660 4616 Plance,
680 4551 806 4615 mer03
832 4551 900 4601 seu
918 4536 956 4602 te
973 4526 1202 4627 fulgentia
1174 4525 1290 4626 signis

1476 1868 1479 1933 l

268 2090 269 2095 =
374 2143 614 2218 Lnuonnunr
634 2141 698 2217 alii
718 2142 856 2217 claram
877 2143 1050 2235 Rhodon,
1069 2156 1137 2218 aut
1154 2144 1373 2243 Mitylenen,

266 4724 269 4733 .

265 4744 594 4815 l——m-
604 4805 1035 4814 -.,-.-.-..-.,.
