3346 5588
185 669 259 723 ona
276 672 328 724 rv.
349 670 352 675 ⁴
484 671 518 735 Q.
539 670 696 724 nonarn
713 670 848 726 rnacm
865 671 1049 725 0111111111.
1194 650 1267 726 413

371 1042 447 1136 Qui
464 1043 605 1144 primus
622 1043 720 1119 alma
735 1043 818 1120 risit
833 1044 981 1137 adorea,

370 1194 486 1270 Dirus
501 1220 569 1295 per
586 1195 698 1270 urbes
715 1167 810 1270 Afer
825 1206 871 1271 ut
886 1193 1013 1287 Italas,

421 1344 501 1420 Ceu
519 1343 667 1419 flamma
683 1369 752 1444 per
768 1344 892 1437 taedas,
910 1342 971 1420 vel
989 1345 1115 1419 Eurus

471 1493 544 1569 Per
562 1492 707 1570 Siculas
725 1493 908 1593 equitavit
924 1494 1055 1571 undas.

370 1795 461 1869 Post
477 1792 549 1868 hoo
565 1792 739 1868 secundis
755 1817 877 1892 usque
893 1792 1084 1868 laboribus

369 1941 539 2017 Romana
555 1941 674 2042 pubes
692 1942 831 2035 orevit3
857 1952 896 2017 et
911 1941 1025 2042 impio

422 2091 580 2168 Vastata
597 2090 798 2167 Poenorum
815 2091 982 2167 tumultu

471 2241 575 2317 Fara
591 2240 681 2317 deos
698 2241 863 2318 habuere
879 2252 1003 2318 rectos
1019 2271 1028 2318 ε

372 2544 552 2644 Dixitque
569 2543 718 2620 tandem
735 2542 899 2644 perfidus
917 2542 1106 2617 Hannibal
1123 2572 1132 2618 :

372 2697 494 2791 Cervi,
511 2678 687 2798 luporum
704 2697 828 2798 prada
845 2696 1047 2796 rapacium,

422 2848 617 2925 Sectamur
633 2848 733 2924 ultro
751 2873 846 2947 quos
863 2847 1010 2948 opimus

471 3001 616 3079 Fallere
633 3013 672 3078 et
688 3001 855 3101 effugere
872 3011 930 3077 est
945 2999 1169 3098 triumphus.

371 3302 485 3395 Gens,
504 3328 588 3402 quae
604 3311 767 3378 cremato
784 3299 891 3376 fortis
906 3300 955 3376 ab
972 3298 1043 3375 Ilio

371 3454 397 3529 J
397 3464 521 3530 aotata
538 3452 675 3529 Tuscis
692 3451 904 3552 aequoribus
921 3476 1037 3543 saera,

420 3604 614 3702 Notosque
631 3611 872 3700 maturosque
888 3610 1012 3701 patres

471 3754 632 3831 Pertulit
648 3753 838 3830 Ausonias
854 3753 902 3829 ad
919 3752 1032 3828 urbes
1046 3781 1056 3843 ;

373 4055 488 4132 Duris
504 4066 549 4131 ut
564 4055 639 4131 ilex
655 4066 763 4131 tonsa
780 4054 1003 4155 bipennibus

373 4206 501 4306 Nigrae
517 4204 630 4281 feraci
647 4203 789 4280 frondis
806 4202 845 4276 in
863 4201 1013 4302 Algido,

423 4358 496 4433 Per
512 4358 656 4448 damna,
675 4380 742 4455 per
759 4354 888 4446 eaedes,
906 4353 954 4427 ab
970 4353 1052 4452 ipso

474 4506 589 4582 Ducit
605 4532 695 4608 opes
712 4506 953 4605 animumque
969 4505 1079 4619 ferro.
