3346 5588
195 671 269 725 ODE
287 671 327 723 11.

498 673 532 737 Q.
553 673 711 727 uoannn
728 675 864 730 macc1
881 676 1064 731 cucuma
1206 659 1278 731 401

379 1049 561 1126 Concines
578 1050 718 1151 majore
736 1053 854 1129 Poeta
870 1052 1012 1152 plectro

379 1199 573 1289 Caesarem,
592 1202 816 1299 quandoque
833 1201 957 1277 trahet
973 1202 1116 1277 feroces

378 1350 451 1425 Per
469 1347 625 1425 Sacrum
643 1349 781 1425 clivum
799 1351 930 1426 merita
948 1352 1105 1427 decorus

528 1498 674 1575 Fronde
694 1498 903 1577 Sicambros
917 1531 927 1595 ;

378 1649 464 1743 Quo
482 1650 574 1725 nihil
590 1651 712 1751 majus
729 1651 909 1728 meliusve
926 1653 1036 1730 terris

376 1803 470 1879 Fata
488 1804 672 1879 donavere
690 1805 853 1903 bonique
872 1804 958 1896 divi,

377 1957 458 2033 Nec
476 1957 628 2050 dabunt,
647 1957 817 2056 quamvis
834 1957 988 2032 redeant
1005 1957 1041 2032 in
1059 1983 1193 2033 aurum

526 2109 712 2210 Tempora
728 2109 904 2209 priscum.

376 2257 558 2333 Concines
575 2257 753 2357 laetosque
772 2257 850 2332 dies
867 2269 906 2332 et
922 2259 1026 2334 urbis

374 2405 571 2481 Publicum
590 2407 731 2500 ludum,
750 2433 862 2506 super
878 2408 1076 2507 impetrato

374 2557 497 2634 Fortis
515 2557 682 2659 Augusti
699 2558 833 2650 reditu,
853 2559 1050 2659 forumque

523 2706 672 2783 Litibus
689 2708 834 2783 orbum.

374 2859 473 2934 Tum
491 2886 581 2936 meae
601 2860 653 2960 (si
670 2861 760 2960 qnid
777 2860 911 2959 loquar
926 2860 1173 2962 audiendum)

374 3009 489 3085 Vocis
505 3011 658 3087 accedet
675 3013 773 3087 bona
788 3037 899 3111 pars3
925 3022 973 3104 et,
993 3037 1015 3086 o
1035 3010 1099 3088 Sol

375 3160 546 3255 Pulcher,
566 3162 801 3252 claudendo,
821 3186 950 3236 canam
970 3172 1119 3260 recepto

524 3311 670 3387 casae
688 3311 788 3386 felix.

374 3461 510 3560 Tuque
528 3460 617 3535 dum
633 3460 814 3560 procedis,
833 3461 876 3534 Io
900 3459 1128 3556 Triumphe!

373 3613 460 3687 Non
477 3612 592 3689 semel
609 3613 787 3704 dicemus,
806 3613 848 3686 Io
872 3611 1096 3707 Triumphe!

373 3763 515 3840 Civitas
532 3765 652 3840 omnis
667 3793 676 3856 ;
703 3763 947 3861 dabimusque
965 3759 1059 3836 divis

522 3916 626 3990 Tura
641 3913 824 4014 benignis.

371 4066 427 4142 'le
445 4067 571 4142 decem
589 4065 687 4142 tauri
704 4064 934 4162 totidemque
951 4085 1084 4150 vaccae,

370 4217 434 4291 Me
451 4227 557 4291 tener
573 4214 695 4290 solvet
711 4211 866 4303 vitulus,
884 4209 1015 4284 relicta

370 4365 493 4441 Matre
510 4365 575 4466 qui
592 4365 707 4466 largis
719 4362 932 4465 juvenescit
949 4358 1073 4434 herbis

519 4518 564 4592 In
582 4542 665 4592 mea
681 4528 779 4609 vota,
