3346 5588
137 380 285 504 ’ἔξω
295 371 1110 472 ΜεΧὊ888ΔΧεΧιΧεΧεῐεεεΧ
1120 371 1474 495 &⁸1⁸3me

1437 649 1465 701 tt

141 694 184 778 Ν
302 643 392 717 xviii
518 667 571 717 nn
588 667 763 718 Juvnrnn
781 664 1093 718 1nnosra1ssmuu
1458 687 1473 770 θ

141 763 184 880 a

141 866 184 1020 a

142 1005 184 1088 ll
404 1014 556 1088 Mecum
573 1015 757 1113 frequenti
776 1015 917 1112 gaudet
933 1013 1056 1087 adhuc
1073 1014 1167 1113 pede

138 1103 149 1200 l
168 1110 185 1191 l
404 1140 554 1215 Montes
570 1166 637 1240 per
654 1140 762 1231 altos,
780 1151 846 1214 aut
864 1165 993 1214 nemus
1010 1139 1153 1214 invium

142 1210 185 1330 ll
455 1267 603 1357 Errare,
623 1292 699 1365 qua
716 1290 866 1365 campos
883 1264 1011 1339 amicis

142 1315 185 1537 ὃ
506 1391 657 1466 Lambit
673 1393 781 1491 aquis
799 1391 946 1465 Alanus
963 1390 1127 1465 feraces:

143 1519 185 1603 tr

16 1640 21 1647 ’
143 1588 185 1743 ll
406 1641 633 1741 Mecumque
649 1641 780 1716 laudes
796 1652 978 1742 gestaque
995 1641 1148 1714 fortium

144 1727 186 1847 ld
406 1765 524 1841 Novit
540 1767 706 1842 virorum
724 1766 996 1856 concelebrare,
1015 1790 1083 1840 seu

143 1830 186 2017 {a}
457 1891 562 1984 Quos
579 1918 708 1968 rumor
723 1893 895 1969 instantis
912 1891 1053 1992 pericli,
1072 1903 1110 1966 et

145 2002 187 2155 ‘dd
507 2020 622 2094 Fama
639 2032 749 2094 vocat
765 2020 939 2095 revolans
956 2022 1003 2094 ad
1021 2019 1146 2109 Indos,

145 2140 161 2220 l

145 2140 188 2363 llll
410 2269 486 2345 Seu
504 2272 568 2368 qui
587 2273 657 2345 sub
677 2297 761 2345 oras
779 2271 969 2346 Cimmerii
986 2270 1098 2344 maris

146 2346 188 2531 lt}
409 2395 503 2469 Leto
522 2397 730 2494 quiescunt,
750 2407 788 2470 et
799 2395 984 2495 juvenum
1002 2420 1151 2469 recens·

154 2516 182 2569 tt
459 2521 626 2595 Examen
644 2521 733 2594 Eois
750 2521 818 2594 tim
841 2522 957 2595 ndum

147 2552 190 2842 ἔξ
511 2645 706 2739 Gentibus,
725 2658 763 2721 et
782 2546 958 2745 dethico
977 2646 1166 2744 Tyranno.

148 2863 191 3049 {a}
411 2895 550 2970 Videre
568 2922 723 2997 magnos
734 2897 814 2996 jam
833 2898 962 2972 videor
980 2897 1106 2971 Duces

150 3033 192 3152 pt
411 3021 448 3095 N
449 3046 497 3096 on
515 3022 690 3098 indecoro
707 3022 860 3123 pulvere
878 3022 1056 3113 sordidos,

150 3136 192 3292 ξε,
462 3147 676 3247 Hostesque
693 3150 840 3241 fractos,
860 3161 898 3223 et
915 3150 1073 3222 minatas

512 3273 658 3347 Damna
678 3273 912 3374 Sebastopoli
930 3274 1084 3348 carinas.

150 3275 193 3395 ἢ

150 3380 194 3601 t

30 3726 35 3735 .
152 3587 194 3770 el}
414 3649 451 3723 N
453 3675 501 3722 on
520 3649 597 3723 haec
609 3649 748 3749 jocosa
766 3651 991 3725 conveniunt
1008 3649 1109 3749 lyrae.

159 3756 187 3808 tt
464 3773 630 3866 Albente,
650 3787 842 3849 cantemus
855 3774 1021 3873 juventae

515 3901 595 3974 Nos
613 3901 750 3976 hilares
767 3901 891 3999 potius
908 3900 1127 3999 triumphos,

414 3523 559 3617 Valete,
578 3551 683 3599 vanae
700 3526 834 3600 mentis
852 3526 1038 3625 Imagines
1055 3526 1063 3597 1

416 4147 474 4222 Ac
494 4149 549 4222 Te
567 4176 778 4248 sequamur,
797 4151 886 4224 dum
904 4175 1021 4249 prope
1039 4150 1242 4249 marginem

416 4272 539 4346 Rheni
558 4276 704 4375 vagaris
721 4276 774 4350 sic
790 4288 941 4366 temere,
958 4286 1024 4349 aut
1041 4275 1135 4375 pede

468 4397 570 4471 Dum
588 4401 734 4475 scandis
750 4401 883 4476 audaci
901 4401 1029 4476 ruinas

518 4523 692 4622 Rupibus
708 4525 900 4624 impositas
918 4526 1129 4600 tremendis.

157 4781 1491 4908 tr..⁸1⁸1”matum”sx‘xtxtxsx⁸xsxtxtx⁸x⁸x⁸x“⁵
